{"ts":"2025-08-26T14:53:29.809808661Z","exchange":"binance_spot","symbol":"BTCUSDC","side":"BUY","price":"110241.47","qty":"0.00005","quote_spent":"5.5120735","order_type":"MARKET_MOCK","iteration_id":"2025-08-26T14:53:29Z#1","filters_validated":true,"notes":""}
{"ts":"2025-08-26T14:53:29.854561199Z","exchange":"binance_spot","symbol":"ETHUSDC","side":"BUY","price":"4541.43","qty":"0.0012","quote_spent":"5.449716","order_type":"MARKET_MOCK","iteration_id":"2025-08-26T14:53:29Z#1","filters_validated":true,"notes":""}
{"ts":"2025-08-26T14:53:29.89751802Z","exchange":"binance_spot","symbol":"ADAUSDC","side":"BUY","price":"0.8535","qty":"5.9","quote_spent":"5.03565","order_type":"MARKET_MOCK","iteration_id":"2025-08-26T14:53:29Z#1","filters_validated":true,"notes":""}
{"ts":"2025-08-26T14:53:29.964228418Z","exchange":"binance_spot","symbol":"DOGEUSDC","side":"BUY","price":"0.2133","qty":"24","quote_spent":"5.1192","order_type":"MARKET_MOCK","iteration_id":"2025-08-26T14:53:29Z#1","filters_validated":true,"notes":""}
{"ts":"2025-08-26T14:53:30.009358211Z","exchange":"binance_spot","symbol":"SUIUSDC","side":"BUY","price":"3.429","qty":"1.5","quote_spent":"5.1435","order_type":"MARKET_MOCK","iteration_id":"2025-08-26T14:53:29Z#1","filters_validated":true,"notes":""}
{"ts":"2025-08-26T14:53:30.053628641Z","exchange":"binance_spot","symbol":"SOLUSDC","side":"BUY","price":"190.6","qty":"0.027","quote_spent":"5.1462","order_type":"MARKET_MOCK","iteration_id":"2025-08-26T14:53:29Z#1","filters_validated":true,"notes":""}
{"ts":"2025-08-26T16:21:02.523181952Z","exchange":"binance_spot","symbol":"BTCUSDC","side":"BUY","price":"109464.01","qty":"0.00005","quote_spent":"5.4732005","order_type":"MARKET_MOCK","iteration_id":"2025-08-26T16:21:02Z#1","filters_validated":true,"notes":""}
{"ts":"2025-08-26T16:21:02.56566706Z","exchange":"binance_spot","symbol":"ETHUSDC","side":"BUY","price":"4503.9","qty":"0.0012","quote_spent":"5.40468","order_type":"MARKET_MOCK","iteration_id":"2025-08-26T16:21:02Z#1","filters_validated":true,"notes":""}
{"ts":"2025-08-26T16:21:02.629172705Z","exchange":"binance_spot","symbol":"ADAUSDC","side":"BUY","price":"0.8504","qty":"5.9","quote_spent":"5.01736","order_type":"MARKET_MOCK","iteration_id":"2025-08-26T16:21:02Z#1","filters_validated":true,"notes":""}
{"ts":"2025-08-26T16:21:02.729019387Z","exchange":"binance_spot","symbol":"DOGEUSDC","side":"BUY","price":"0.21303","qty":"24","quote_spent":"5.11272","order_type":"MARKET_MOCK","iteration_id":"2025-08-26T16:21:02Z#1","filters_validated":true,"notes":""}
{"ts":"2025-08-26T16:21:02.793323521Z","exchange":"binance_spot","symbol":"SUIUSDC","side":"BUY","price":"3.3914","qty":"1.5","quote_spent":"5.0871","order_type":"MARKET_MOCK","iteration_id":"2025-08-26T16:21:02Z#1","filters_validated":true,"notes":""}
{"ts":"2025-08-26T16:21:02.881500313Z","exchange":"binance_spot","symbol":"SOLUSDC","side":"BUY","price":"190.94","qty":"0.027","quote_spent":"5.15538","order_type":"MARKET_MOCK","iteration_id":"2025-08-26T16:21:02Z#1","filters_validated":true,"notes":""}
{"ts":"2025-08-26T17:21:02.764198634Z","exchange":"binance_spot","symbol":"BTCUSDC","side":"BUY","price":"109958.01","qty":"0.00005","quote_spent":"5.4979005","order_type":"MARKET_MOCK","iteration_id":"2025-08-26T17:21:02Z#2","filters_validated":true,"notes":""}
{"ts":"2025-08-26T17:21:02.879853548Z","exchange":"binance_spot","symbol":"ETHUSDC","side":"BUY","price":"4548.81","qty":"0.0011","quote_spent":"5.003691","order_type":"MARKET_MOCK","iteration_id":"2025-08-26T17:21:02Z#2","filters_validated":true,"notes":""}
{"ts":"2025-08-26T17:21:02.946830036Z","exchange":"binance_spot","symbol":"ADAUSDC","side":"BUY","price":"0.8608","qty":"5.9","quote_spent":"5.07872","order_type":"MARKET_MOCK","iteration_id":"2025-08-26T17:21:02Z#2","filters_validated":true,"notes":""}
{"ts":"2025-08-26T17:21:03.014796725Z","exchange":"binance_spot","symbol":"DOGEUSDC","side":"BUY","price":"0.21556","qty":"24","quote_spent":"5.17344","order_type":"MARKET_MOCK","iteration_id":"2025-08-26T17:21:02Z#2","filters_validated":true,"notes":""}
{"ts":"2025-08-26T17:21:03.084347722Z","exchange":"binance_spot","symbol":"SUIUSDC","side":"BUY","price":"3.4152","qty":"1.5","quote_spent":"5.1228","order_type":"MARKET_MOCK","iteration_id":"2025-08-26T17:21:02Z#2","filters_validated":true,"notes":""}
{"ts":"2025-08-26T17:21:03.15170019Z","exchange":"binance_spot","symbol":"SOLUSDC","side":"BUY","price":"194.18","qty":"0.026","quote_spent":"5.04868","order_type":"MARKET_MOCK","iteration_id":"2025-08-26T17:21:02Z#2","filters_validated":true,"notes":""}
{"ts":"2025-08-26T18:21:02.700543002Z","exchange":"binance_spot","symbol":"BTCUSDC","side":"BUY","price":"110161.88","qty":"0.00005","quote_spent":"5.508094","order_type":"MARKET_MOCK","iteration_id":"2025-08-26T18:21:02Z#3","filters_validated":true,"notes":""}
{"ts":"2025-08-26T18:21:02.765572532Z","exchange":"binance_spot","symbol":"ETHUSDC","side":"BUY","price":"4532.99","qty":"0.0012","quote_spent":"5.439588","order_type":"MARKET_MOCK","iteration_id":"2025-08-26T18:21:02Z#3","filters_validated":true,"notes":""}
{"ts":"2025-08-26T18:21:02.859776188Z","exchange":"binance_spot","symbol":"ADAUSDC","side":"BUY","price":"0.8604","qty":"5.9","quote_spent":"5.07636","order_type":"MARKET_MOCK","iteration_id":"2025-08-26T18:21:02Z#3","filters_validated":true,"notes":""}
{"ts":"2025-08-26T18:21:02.926276995Z","exchange":"binance_spot","symbol":"DOGEUSDC","side":"BUY","price":"0.2159","qty":"24","quote_spent":"5.1816","order_type":"MARKET_MOCK","iteration_id":"2025-08-26T18:21:02Z#3","filters_validated":true,"notes":""}
{"ts":"2025-08-26T18:21:02.991553558Z","exchange":"binance_spot","symbol":"SUIUSDC","side":"BUY","price":"3.4183","qty":"1.5","quote_spent":"5.12745","order_type":"MARKET_MOCK","iteration_id":"2025-08-26T18:21:02Z#3","filters_validated":true,"notes":""}
{"ts":"2025-08-26T18:21:03.103245969Z","exchange":"binance_spot","symbol":"SOLUSDC","side":"BUY","price":"193.88","qty":"0.026","quote_spent":"5.04088","order_type":"MARKET_MOCK","iteration_id":"2025-08-26T18:21:02Z#3","filters_validated":true,"notes":""}
{"ts":"2025-08-26T19:21:02.779412836Z","exchange":"binance_spot","symbol":"BTCUSDC","side":"BUY","price":"111024","qty":"0.00005","quote_spent":"5.5512","order_type":"MARKET_MOCK","iteration_id":"2025-08-26T19:21:02Z#4","filters_validated":true,"notes":""}
{"ts":"2025-08-26T19:21:02.823430865Z","exchange":"binance_spot","symbol":"ETHUSDC","side":"BUY","price":"4561.76","qty":"0.0011","quote_spent":"5.017936","order_type":"MARKET_MOCK","iteration_id":"2025-08-26T19:21:02Z#4","filters_validated":true,"notes":""}
{"ts":"2025-08-26T19:21:02.86555336Z","exchange":"binance_spot","symbol":"ADAUSDC","side":"BUY","price":"0.8659","qty":"5.8","quote_spent":"5.02222","order_type":"MARKET_MOCK","iteration_id":"2025-08-26T19:21:02Z#4","filters_validated":true,"notes":""}
{"ts":"2025-08-26T19:21:02.909113524Z","exchange":"binance_spot","symbol":"DOGEUSDC","side":"BUY","price":"0.21779","qty":"23","quote_spent":"5.00917","order_type":"MARKET_MOCK","iteration_id":"2025-08-26T19:21:02Z#4","filters_validated":true,"notes":""}
{"ts":"2025-08-26T19:21:02.952103717Z","exchange":"binance_spot","symbol":"SUIUSDC","side":"BUY","price":"3.4419","qty":"1.5","quote_spent":"5.16285","order_type":"MARKET_MOCK","iteration_id":"2025-08-26T19:21:02Z#4","filters_validated":true,"notes":""}
{"ts":"2025-08-26T19:21:02.995801827Z","exchange":"binance_spot","symbol":"SOLUSDC","side":"BUY","price":"195.87","qty":"0.026","quote_spent":"5.09262","order_type":"MARKET_MOCK","iteration_id":"2025-08-26T19:21:02Z#4","filters_validated":true,"notes":""}
{"ts":"2025-08-26T20:21:02.836951903Z","exchange":"binance_spot","symbol":"BTCUSDC","side":"BUY","price":"111252","qty":"0.00005","quote_spent":"5.5626","order_type":"MARKET_MOCK","iteration_id":"2025-08-26T20:21:02Z#5","filters_validated":true,"notes":""}
{"ts":"2025-08-26T20:21:02.881116902Z","exchange":"binance_spot","symbol":"ETHUSDC","side":"BUY","price":"4603.99","qty":"0.0011","quote_spent":"5.064389","order_type":"MARKET_MOCK","iteration_id":"2025-08-26T20:21:02Z#5","filters_validated":true,"notes":""}
{"ts":"2025-08-26T20:21:02.924031146Z","exchange":"binance_spot","symbol":"ADAUSDC","side":"BUY","price":"0.8712","qty":"5.8","quote_spent":"5.05296","order_type":"MARKET_MOCK","iteration_id":"2025-08-26T20:21:02Z#5","filters_validated":true,"notes":""}
{"ts":"2025-08-26T20:21:02.96598368Z","exchange":"binance_spot","symbol":"DOGEUSDC","side":"BUY","price":"0.21907","qty":"23","quote_spent":"5.03861","order_type":"MARKET_MOCK","iteration_id":"2025-08-26T20:21:02Z#5","filters_validated":true,"notes":""}
{"ts":"2025-08-26T20:21:03.007927553Z","exchange":"binance_spot","symbol":"SUIUSDC","side":"BUY","price":"3.4762","qty":"1.5","quote_spent":"5.2143","order_type":"MARKET_MOCK","iteration_id":"2025-08-26T20:21:02Z#5","filters_validated":true,"notes":""}
{"ts":"2025-08-26T20:21:03.051402381Z","exchange":"binance_spot","symbol":"SOLUSDC","side":"BUY","price":"197.09","qty":"0.026","quote_spent":"5.12434","order_type":"MARKET_MOCK","iteration_id":"2025-08-26T20:21:02Z#5","filters_validated":true,"notes":""}
{"ts":"2025-08-26T21:21:02.758991578Z","exchange":"binance_spot","symbol":"BTCUSDC","side":"BUY","price":"111271.98","qty":"0.00005","quote_spent":"5.563599","order_type":"MARKET_MOCK","iteration_id":"2025-08-26T21:21:02Z#6","filters_validated":true,"notes":""}
{"ts":"2025-08-26T21:21:02.802303522Z","exchange":"binance_spot","symbol":"ETHUSDC","side":"BUY","price":"4584.85","qty":"0.0011","quote_spent":"5.043335","order_type":"MARKET_MOCK","iteration_id":"2025-08-26T21:21:02Z#6","filters_validated":true,"notes":""}
{"ts":"2025-08-26T21:21:02.846220833Z","exchange":"binance_spot","symbol":"ADAUSDC","side":"BUY","price":"0.8653","qty":"5.8","quote_spent":"5.01874","order_type":"MARKET_MOCK","iteration_id":"2025-08-26T21:21:02Z#6","filters_validated":true,"notes":""}
{"ts":"2025-08-26T21:21:02.889121327Z","exchange":"binance_spot","symbol":"DOGEUSDC","side":"BUY","price":"0.21797","qty":"23","quote_spent":"5.01331","order_type":"MARKET_MOCK","iteration_id":"2025-08-26T21:21:02Z#6","filters_validated":true,"notes":""}
{"ts":"2025-08-26T21:21:02.931246263Z","exchange":"binance_spot","symbol":"SUIUSDC","side":"BUY","price":"3.4516","qty":"1.5","quote_spent":"5.1774","order_type":"MARKET_MOCK","iteration_id":"2025-08-26T21:21:02Z#6","filters_validated":true,"notes":""}
{"ts":"2025-08-26T21:21:02.97391574Z","exchange":"binance_spot","symbol":"SOLUSDC","side":"BUY","price":"195.94","qty":"0.026","quote_spent":"5.09444","order_type":"MARKET_MOCK","iteration_id":"2025-08-26T21:21:02Z#6","filters_validated":true,"notes":""}
{"ts":"2025-08-26T22:21:02.762155569Z","exchange":"binance_spot","symbol":"BTCUSDC","side":"BUY","price":"111846.77","qty":"0.00005","quote_spent":"5.5923385","order_type":"MARKET_MOCK","iteration_id":"2025-08-26T22:21:02Z#7","filters_validated":true,"notes":""}
{"ts":"2025-08-26T22:21:02.80565016Z","exchange":"binance_spot","symbol":"ETHUSDC","side":"BUY","price":"4592.54","qty":"0.0011","quote_spent":"5.051794","order_type":"MARKET_MOCK","iteration_id":"2025-08-26T22:21:02Z#7","filters_validated":true,"notes":""}
{"ts":"2025-08-26T22:21:02.847211217Z","exchange":"binance_spot","symbol":"ADAUSDC","side":"BUY","price":"0.8691","qty":"5.8","quote_spent":"5.04078","order_type":"MARKET_MOCK","iteration_id":"2025-08-26T22:21:02Z#7","filters_validated":true,"notes":""}
{"ts":"2025-08-26T22:21:02.889277097Z","exchange":"binance_spot","symbol":"DOGEUSDC","side":"BUY","price":"0.21914","qty":"23","quote_spent":"5.04022","order_type":"MARKET_MOCK","iteration_id":"2025-08-26T22:21:02Z#7","filters_validated":true,"notes":""}
{"ts":"2025-08-26T22:21:02.932650392Z","exchange":"binance_spot","symbol":"SUIUSDC","side":"BUY","price":"3.4628","qty":"1.5","quote_spent":"5.1942","order_type":"MARKET_MOCK","iteration_id":"2025-08-26T22:21:02Z#7","filters_validated":true,"notes":""}
{"ts":"2025-08-26T22:21:02.975824938Z","exchange":"binance_spot","symbol":"SOLUSDC","side":"BUY","price":"196.87","qty":"0.026","quote_spent":"5.11862","order_type":"MARKET_MOCK","iteration_id":"2025-08-26T22:21:02Z#7","filters_validated":true,"notes":""}
{"ts":"2025-08-26T23:21:02.904501564Z","exchange":"binance_spot","symbol":"BTCUSDC","side":"BUY","price":"112046.08","qty":"0.00005","quote_spent":"5.602304","order_type":"MARKET_MOCK","iteration_id":"2025-08-26T23:21:02Z#8","filters_validated":true,"notes":""}
{"ts":"2025-08-26T23:21:02.948188688Z","exchange":"binance_spot","symbol":"ETHUSDC","side":"BUY","price":"4609.1","qty":"0.0011","quote_spent":"5.07001","order_type":"MARKET_MOCK","iteration_id":"2025-08-26T23:21:02Z#8","filters_validated":true,"notes":""}
{"ts":"2025-08-26T23:21:02.99032441Z","exchange":"binance_spot","symbol":"ADAUSDC","side":"BUY","price":"0.869","qty":"5.8","quote_spent":"5.0402","order_type":"MARKET_MOCK","iteration_id":"2025-08-26T23:21:02Z#8","filters_validated":true,"notes":""}
{"ts":"2025-08-26T23:21:03.033868686Z","exchange":"binance_spot","symbol":"DOGEUSDC","side":"BUY","price":"0.21919","qty":"23","quote_spent":"5.04137","order_type":"MARKET_MOCK","iteration_id":"2025-08-26T23:21:02Z#8","filters_validated":true,"notes":""}
{"ts":"2025-08-26T23:21:03.077647511Z","exchange":"binance_spot","symbol":"SUIUSDC","side":"BUY","price":"3.4665","qty":"1.5","quote_spent":"5.19975","order_type":"MARKET_MOCK","iteration_id":"2025-08-26T23:21:02Z#8","filters_validated":true,"notes":""}
{"ts":"2025-08-26T23:21:03.121907279Z","exchange":"binance_spot","symbol":"SOLUSDC","side":"BUY","price":"196.98","qty":"0.026","quote_spent":"5.12148","order_type":"MARKET_MOCK","iteration_id":"2025-08-26T23:21:02Z#8","filters_validated":true,"notes":""}
{"ts":"2025-08-27T00:21:02.934830126Z","exchange":"binance_spot","symbol":"BTCUSDC","side":"BUY","price":"111771.18","qty":"0.00005","quote_spent":"5.588559","order_type":"MARKET_MOCK","iteration_id":"2025-08-27T00:21:02Z#9","filters_validated":true,"notes":""}
{"ts":"2025-08-27T00:21:02.978021082Z","exchange":"binance_spot","symbol":"ETHUSDC","side":"BUY","price":"4599.71","qty":"0.0011","quote_spent":"5.059681","order_type":"MARKET_MOCK","iteration_id":"2025-08-27T00:21:02Z#9","filters_validated":true,"notes":""}
{"ts":"2025-08-27T00:21:03.021901574Z","exchange":"binance_spot","symbol":"ADAUSDC","side":"BUY","price":"0.8642","qty":"5.8","quote_spent":"5.01236","order_type":"MARKET_MOCK","iteration_id":"2025-08-27T00:21:02Z#9","filters_validated":true,"notes":""}
{"ts":"2025-08-27T00:21:03.065570484Z","exchange":"binance_spot","symbol":"DOGEUSDC","side":"BUY","price":"0.21793","qty":"23","quote_spent":"5.01239","order_type":"MARKET_MOCK","iteration_id":"2025-08-27T00:21:02Z#9","filters_validated":true,"notes":""}
{"ts":"2025-08-27T00:21:03.108579727Z","exchange":"binance_spot","symbol":"SUIUSDC","side":"BUY","price":"3.4518","qty":"1.5","quote_spent":"5.1777","order_type":"MARKET_MOCK","iteration_id":"2025-08-27T00:21:02Z#9","filters_validated":true,"notes":""}
{"ts":"2025-08-27T00:21:03.150352348Z","exchange":"binance_spot","symbol":"SOLUSDC","side":"BUY","price":"195.78","qty":"0.026","quote_spent":"5.09028","order_type":"MARKET_MOCK","iteration_id":"2025-08-27T00:21:02Z#9","filters_validated":true,"notes":""}
{"ts":"2025-08-27T01:21:02.979226071Z","exchange":"binance_spot","symbol":"BTCUSDC","side":"BUY","price":"111249.1","qty":"0.00005","quote_spent":"5.562455","order_type":"MARKET_MOCK","iteration_id":"2025-08-27T01:21:02Z#10","filters_validated":true,"notes":""}
{"ts":"2025-08-27T01:21:03.021312027Z","exchange":"binance_spot","symbol":"ETHUSDC","side":"BUY","price":"4558.32","qty":"0.0011","quote_spent":"5.014152","order_type":"MARKET_MOCK","iteration_id":"2025-08-27T01:21:02Z#10","filters_validated":true,"notes":""}
{"ts":"2025-08-27T01:21:03.06446115Z","exchange":"binance_spot","symbol":"ADAUSDC","side":"BUY","price":"0.8574","qty":"5.9","quote_spent":"5.05866","order_type":"MARKET_MOCK","iteration_id":"2025-08-27T01:21:02Z#10","filters_validated":true,"notes":""}
{"ts":"2025-08-27T01:21:03.1082486Z","exchange":"binance_spot","symbol":"DOGEUSDC","side":"BUY","price":"0.21672","qty":"24","quote_spent":"5.20128","order_type":"MARKET_MOCK","iteration_id":"2025-08-27T01:21:02Z#10","filters_validated":true,"notes":""}
{"ts":"2025-08-27T01:21:03.152633552Z","exchange":"binance_spot","symbol":"SUIUSDC","side":"BUY","price":"3.413","qty":"1.5","quote_spent":"5.1195","order_type":"MARKET_MOCK","iteration_id":"2025-08-27T01:21:02Z#10","filters_validated":true,"notes":""}
{"ts":"2025-08-27T01:21:03.195313629Z","exchange":"binance_spot","symbol":"SOLUSDC","side":"BUY","price":"194.74","qty":"0.026","quote_spent":"5.06324","order_type":"MARKET_MOCK","iteration_id":"2025-08-27T01:21:02Z#10","filters_validated":true,"notes":""}
{"ts":"2025-08-27T02:21:02.984555599Z","exchange":"binance_spot","symbol":"BTCUSDC","side":"BUY","price":"111355.99","qty":"0.00005","quote_spent":"5.5677995","order_type":"MARKET_MOCK","iteration_id":"2025-08-27T02:21:02Z#11","filters_validated":true,"notes":""}
{"ts":"2025-08-27T02:21:03.028267235Z","exchange":"binance_spot","symbol":"ETHUSDC","side":"BUY","price":"4572.83","qty":"0.0011","quote_spent":"5.030113","order_type":"MARKET_MOCK","iteration_id":"2025-08-27T02:21:02Z#11","filters_validated":true,"notes":""}
{"ts":"2025-08-27T02:21:03.069130737Z","exchange":"binance_spot","symbol":"ADAUSDC","side":"BUY","price":"0.8633","qty":"5.8","quote_spent":"5.00714","order_type":"MARKET_MOCK","iteration_id":"2025-08-27T02:21:02Z#11","filters_validated":true,"notes":""}
{"ts":"2025-08-27T02:21:03.112169985Z","exchange":"binance_spot","symbol":"DOGEUSDC","side":"BUY","price":"0.2186","qty":"23","quote_spent":"5.0278","order_type":"MARKET_MOCK","iteration_id":"2025-08-27T02:21:02Z#11","filters_validated":true,"notes":""}
{"ts":"2025-08-27T02:21:03.15425028Z","exchange":"binance_spot","symbol":"SUIUSDC","side":"BUY","price":"3.4421","qty":"1.5","quote_spent":"5.16315","order_type":"MARKET_MOCK","iteration_id":"2025-08-27T02:21:02Z#11","filters_validated":true,"notes":""}
{"ts":"2025-08-27T02:21:03.198643567Z","exchange":"binance_spot","symbol":"SOLUSDC","side":"BUY","price":"197.69","qty":"0.026","quote_spent":"5.13994","order_type":"MARKET_MOCK","iteration_id":"2025-08-27T02:21:02Z#11","filters_validated":true,"notes":""}
{"ts":"2025-08-27T03:21:03.099325072Z","exchange":"binance_spot","symbol":"BTCUSDC","side":"BUY","price":"111031.54","qty":"0.00005","quote_spent":"5.551577","order_type":"MARKET_MOCK","iteration_id":"2025-08-27T03:21:02Z#12","filters_validated":true,"notes":""}
{"ts":"2025-08-27T03:21:03.142448937Z","exchange":"binance_spot","symbol":"ETHUSDC","side":"BUY","price":"4557.81","qty":"0.0011","quote_spent":"5.013591","order_type":"MARKET_MOCK","iteration_id":"2025-08-27T03:21:02Z#12","filters_validated":true,"notes":""}
{"ts":"2025-08-27T03:21:03.185792054Z","exchange":"binance_spot","symbol":"ADAUSDC","side":"BUY","price":"0.8606","qty":"5.9","quote_spent":"5.07754","order_type":"MARKET_MOCK","iteration_id":"2025-08-27T03:21:02Z#12","filters_validated":true,"notes":""}
{"ts":"2025-08-27T03:21:03.228361395Z","exchange":"binance_spot","symbol":"DOGEUSDC","side":"BUY","price":"0.21845","qty":"23","quote_spent":"5.02435","order_type":"MARKET_MOCK","iteration_id":"2025-08-27T03:21:02Z#12","filters_validated":true,"notes":""}
{"ts":"2025-08-27T03:21:03.273035578Z","exchange":"binance_spot","symbol":"SUIUSDC","side":"BUY","price":"3.435","qty":"1.5","quote_spent":"5.1525","order_type":"MARKET_MOCK","iteration_id":"2025-08-27T03:21:02Z#12","filters_validated":true,"notes":""}
{"ts":"2025-08-27T03:21:03.316190385Z","exchange":"binance_spot","symbol":"SOLUSDC","side":"BUY","price":"197.54","qty":"0.026","quote_spent":"5.13604","order_type":"MARKET_MOCK","iteration_id":"2025-08-27T03:21:02Z#12","filters_validated":true,"notes":""}
{"ts":"2025-08-27T04:21:03.122070246Z","exchange":"binance_spot","symbol":"BTCUSDC","side":"BUY","price":"111504.84","qty":"0.00005","quote_spent":"5.575242","order_type":"MARKET_MOCK","iteration_id":"2025-08-27T04:21:02Z#13","filters_validated":true,"notes":""}
{"ts":"2025-08-27T04:21:03.164010009Z","exchange":"binance_spot","symbol":"ETHUSDC","side":"BUY","price":"4622.11","qty":"0.0011","quote_spent":"5.084321","order_type":"MARKET_MOCK","iteration_id":"2025-08-27T04:21:02Z#13","filters_validated":true,"notes":""}
{"ts":"2025-08-27T04:21:03.20581475Z","exchange":"binance_spot","symbol":"ADAUSDC","side":"BUY","price":"0.8719","qty":"5.8","quote_spent":"5.05702","order_type":"MARKET_MOCK","iteration_id":"2025-08-27T04:21:02Z#13","filters_validated":true,"notes":""}
{"ts":"2025-08-27T04:21:03.246786861Z","exchange":"binance_spot","symbol":"DOGEUSDC","side":"BUY","price":"0.22184","qty":"23","quote_spent":"5.10232","order_type":"MARKET_MOCK","iteration_id":"2025-08-27T04:21:02Z#13","filters_validated":true,"notes":""}
{"ts":"2025-08-27T04:21:03.288530096Z","exchange":"binance_spot","symbol":"SUIUSDC","side":"BUY","price":"3.4852","qty":"1.5","quote_spent":"5.2278","order_type":"MARKET_MOCK","iteration_id":"2025-08-27T04:21:02Z#13","filters_validated":true,"notes":""}
{"ts":"2025-08-27T04:21:03.331865681Z","exchange":"binance_spot","symbol":"SOLUSDC","side":"BUY","price":"204.74","qty":"0.025","quote_spent":"5.1185","order_type":"MARKET_MOCK","iteration_id":"2025-08-27T04:21:02Z#13","filters_validated":true,"notes":""}
{"ts":"2025-08-27T05:21:03.260336042Z","exchange":"binance_spot","symbol":"BTCUSDC","side":"BUY","price":"111503.09","qty":"0.00005","quote_spent":"5.5751545","order_type":"MARKET_MOCK","iteration_id":"2025-08-27T05:21:03Z#14","filters_validated":true,"notes":""}
{"ts":"2025-08-27T05:21:03.302615603Z","exchange":"binance_spot","symbol":"ETHUSDC","side":"BUY","price":"4639.09","qty":"0.0011","quote_spent":"5.102999","order_type":"MARKET_MOCK","iteration_id":"2025-08-27T05:21:03Z#14","filters_validated":true,"notes":""}
{"ts":"2025-08-27T05:21:03.344671751Z","exchange":"binance_spot","symbol":"ADAUSDC","side":"BUY","price":"0.872","qty":"5.8","quote_spent":"5.0576","order_type":"MARKET_MOCK","iteration_id":"2025-08-27T05:21:03Z#14","filters_validated":true,"notes":""}
{"ts":"2025-08-27T05:21:03.386909847Z","exchange":"binance_spot","symbol":"DOGEUSDC","side":"BUY","price":"0.22271","qty":"23","quote_spent":"5.12233","order_type":"MARKET_MOCK","iteration_id":"2025-08-27T05:21:03Z#14","filters_validated":true,"notes":""}
{"ts":"2025-08-27T05:21:03.428838062Z","exchange":"binance_spot","symbol":"SUIUSDC","side":"BUY","price":"3.4822","qty":"1.5","quote_spent":"5.2233","order_type":"MARKET_MOCK","iteration_id":"2025-08-27T05:21:03Z#14","filters_validated":true,"notes":""}
{"ts":"2025-08-27T05:21:03.470613163Z","exchange":"binance_spot","symbol":"SOLUSDC","side":"BUY","price":"204.01","qty":"0.025","quote_spent":"5.10025","order_type":"MARKET_MOCK","iteration_id":"2025-08-27T05:21:03Z#14","filters_validated":true,"notes":""}
{"ts":"2025-08-27T06:21:03.176703208Z","exchange":"binance_spot","symbol":"BTCUSDC","side":"BUY","price":"111249.31","qty":"0.00005","quote_spent":"5.5624655","order_type":"MARKET_MOCK","iteration_id":"2025-08-27T06:21:03Z#15","filters_validated":true,"notes":""}
{"ts":"2025-08-27T06:21:03.218539226Z","exchange":"binance_spot","symbol":"ETHUSDC","side":"BUY","price":"4593.91","qty":"0.0011","quote_spent":"5.053301","order_type":"MARKET_MOCK","iteration_id":"2025-08-27T06:21:03Z#15","filters_validated":true,"notes":""}
{"ts":"2025-08-27T06:21:03.259675849Z","exchange":"binance_spot","symbol":"ADAUSDC","side":"BUY","price":"0.8634","qty":"5.8","quote_spent":"5.00772","order_type":"MARKET_MOCK","iteration_id":"2025-08-27T06:21:03Z#15","filters_validated":true,"notes":""}
{"ts":"2025-08-27T06:21:03.301027761Z","exchange":"binance_spot","symbol":"DOGEUSDC","side":"BUY","price":"0.2204","qty":"23","quote_spent":"5.0692","order_type":"MARKET_MOCK","iteration_id":"2025-08-27T06:21:03Z#15","filters_validated":true,"notes":""}
{"ts":"2025-08-27T06:21:03.343273914Z","exchange":"binance_spot","symbol":"SUIUSDC","side":"BUY","price":"3.4495","qty":"1.5","quote_spent":"5.17425","order_type":"MARKET_MOCK","iteration_id":"2025-08-27T06:21:03Z#15","filters_validated":true,"notes":""}
{"ts":"2025-08-27T06:21:03.385048716Z","exchange":"binance_spot","symbol":"SOLUSDC","side":"BUY","price":"202.83","qty":"0.025","quote_spent":"5.07075","order_type":"MARKET_MOCK","iteration_id":"2025-08-27T06:21:03Z#15","filters_validated":true,"notes":""}
{"ts":"2025-08-27T07:21:03.268083611Z","exchange":"binance_spot","symbol":"BTCUSDC","side":"BUY","price":"110922","qty":"0.00005","quote_spent":"5.5461","order_type":"MARKET_MOCK","iteration_id":"2025-08-27T07:21:03Z#16","filters_validated":true,"notes":""}
{"ts":"2025-08-27T07:21:03.31312943Z","exchange":"binance_spot","symbol":"ETHUSDC","side":"BUY","price":"4575.39","qty":"0.0011","quote_spent":"5.032929","order_type":"MARKET_MOCK","iteration_id":"2025-08-27T07:21:03Z#16","filters_validated":true,"notes":""}
{"ts":"2025-08-27T07:21:03.355185062Z","exchange":"binance_spot","symbol":"ADAUSDC","side":"BUY","price":"0.8574","qty":"5.9","quote_spent":"5.05866","order_type":"MARKET_MOCK","iteration_id":"2025-08-27T07:21:03Z#16","filters_validated":true,"notes":""}
{"ts":"2025-08-27T07:21:03.398787235Z","exchange":"binance_spot","symbol":"DOGEUSDC","side":"BUY","price":"0.21945","qty":"23","quote_spent":"5.04735","order_type":"MARKET_MOCK","iteration_id":"2025-08-27T07:21:03Z#16","filters_validated":true,"notes":""}
{"ts":"2025-08-27T07:21:03.440698671Z","exchange":"binance_spot","symbol":"SUIUSDC","side":"BUY","price":"3.4318","qty":"1.5","quote_spent":"5.1477","order_type":"MARKET_MOCK","iteration_id":"2025-08-27T07:21:03Z#16","filters_validated":true,"notes":""}
{"ts":"2025-08-27T07:21:03.484600524Z","exchange":"binance_spot","symbol":"SOLUSDC","side":"BUY","price":"201.64","qty":"0.025","quote_spent":"5.041","order_type":"MARKET_MOCK","iteration_id":"2025-08-27T07:21:03Z#16","filters_validated":true,"notes":""}
{"ts":"2025-08-27T08:21:03.296884618Z","exchange":"binance_spot","symbol":"BTCUSDC","side":"BUY","price":"110620.44","qty":"0.00005","quote_spent":"5.531022","order_type":"MARKET_MOCK","iteration_id":"2025-08-27T08:21:03Z#17","filters_validated":true,"notes":""}
{"ts":"2025-08-27T08:21:03.339091329Z","exchange":"binance_spot","symbol":"ETHUSDC","side":"BUY","price":"4570.39","qty":"0.0011","quote_spent":"5.027429","order_type":"MARKET_MOCK","iteration_id":"2025-08-27T08:21:03Z#17","filters_validated":true,"notes":""}
{"ts":"2025-08-27T08:21:03.382310019Z","exchange":"binance_spot","symbol":"ADAUSDC","side":"BUY","price":"0.8559","qty":"5.9","quote_spent":"5.04981","order_type":"MARKET_MOCK","iteration_id":"2025-08-27T08:21:03Z#17","filters_validated":true,"notes":""}
{"ts":"2025-08-27T08:21:03.423658017Z","exchange":"binance_spot","symbol":"DOGEUSDC","side":"BUY","price":"0.21831","qty":"23","quote_spent":"5.02113","order_type":"MARKET_MOCK","iteration_id":"2025-08-27T08:21:03Z#17","filters_validated":true,"notes":""}
{"ts":"2025-08-27T08:21:03.466345793Z","exchange":"binance_spot","symbol":"SUIUSDC","side":"BUY","price":"3.4284","qty":"1.5","quote_spent":"5.1426","order_type":"MARKET_MOCK","iteration_id":"2025-08-27T08:21:03Z#17","filters_validated":true,"notes":""}
{"ts":"2025-08-27T08:21:03.509574061Z","exchange":"binance_spot","symbol":"SOLUSDC","side":"BUY","price":"202.16","qty":"0.025","quote_spent":"5.054","order_type":"MARKET_MOCK","iteration_id":"2025-08-27T08:21:03Z#17","filters_validated":true,"notes":""}
{"ts":"2025-08-27T09:21:03.306889832Z","exchange":"binance_spot","symbol":"BTCUSDC","side":"BUY","price":"110996","qty":"0.00005","quote_spent":"5.5498","order_type":"MARKET_MOCK","iteration_id":"2025-08-27T09:21:03Z#18","filters_validated":true,"notes":""}
{"ts":"2025-08-27T09:21:03.350487852Z","exchange":"binance_spot","symbol":"ETHUSDC","side":"BUY","price":"4617.92","qty":"0.0011","quote_spent":"5.079712","order_type":"MARKET_MOCK","iteration_id":"2025-08-27T09:21:03Z#18","filters_validated":true,"notes":""}
{"ts":"2025-08-27T09:21:03.392306669Z","exchange":"binance_spot","symbol":"ADAUSDC","side":"BUY","price":"0.8665","qty":"5.8","quote_spent":"5.0257","order_type":"MARKET_MOCK","iteration_id":"2025-08-27T09:21:03Z#18","filters_validated":true,"notes":""}
{"ts":"2025-08-27T09:21:03.434717541Z","exchange":"binance_spot","symbol":"DOGEUSDC","side":"BUY","price":"0.22063","qty":"23","quote_spent":"5.07449","order_type":"MARKET_MOCK","iteration_id":"2025-08-27T09:21:03Z#18","filters_validated":true,"notes":""}
{"ts":"2025-08-27T09:21:03.479572664Z","exchange":"binance_spot","symbol":"SUIUSDC","side":"BUY","price":"3.4524","qty":"1.5","quote_spent":"5.1786","order_type":"MARKET_MOCK","iteration_id":"2025-08-27T09:21:03Z#18","filters_validated":true,"notes":""}
{"ts":"2025-08-27T09:21:03.523426075Z","exchange":"binance_spot","symbol":"SOLUSDC","side":"BUY","price":"204.32","qty":"0.025","quote_spent":"5.108","order_type":"MARKET_MOCK","iteration_id":"2025-08-27T09:21:03Z#18","filters_validated":true,"notes":""}
{"ts":"2025-08-27T10:21:03.30740489Z","exchange":"binance_spot","symbol":"BTCUSDC","side":"BUY","price":"111230.87","qty":"0.00005","quote_spent":"5.5615435","order_type":"MARKET_MOCK","iteration_id":"2025-08-27T10:21:03Z#19","filters_validated":true,"notes":""}
{"ts":"2025-08-27T10:21:03.349941147Z","exchange":"binance_spot","symbol":"ETHUSDC","side":"BUY","price":"4601.8","qty":"0.0011","quote_spent":"5.06198","order_type":"MARKET_MOCK","iteration_id":"2025-08-27T10:21:03Z#19","filters_validated":true,"notes":""}
{"ts":"2025-08-27T10:21:03.391979155Z","exchange":"binance_spot","symbol":"ADAUSDC","side":"BUY","price":"0.8626","qty":"5.8","quote_spent":"5.00308","order_type":"MARKET_MOCK","iteration_id":"2025-08-27T10:21:03Z#19","filters_validated":true,"notes":""}
{"ts":"2025-08-27T10:21:03.435360662Z","exchange":"binance_spot","symbol":"DOGEUSDC","side":"BUY","price":"0.22108","qty":"23","quote_spent":"5.08484","order_type":"MARKET_MOCK","iteration_id":"2025-08-27T10:21:03Z#19","filters_validated":true,"notes":""}
{"ts":"2025-08-27T10:21:03.479219221Z","exchange":"binance_spot","symbol":"SUIUSDC","side":"BUY","price":"3.4423","qty":"1.5","quote_spent":"5.16345","order_type":"MARKET_MOCK","iteration_id":"2025-08-27T10:21:03Z#19","filters_validated":true,"notes":""}
{"ts":"2025-08-27T10:21:03.523656474Z","exchange":"binance_spot","symbol":"SOLUSDC","side":"BUY","price":"205.24","qty":"0.025","quote_spent":"5.131","order_type":"MARKET_MOCK","iteration_id":"2025-08-27T10:21:03Z#19","filters_validated":true,"notes":""}
{"ts":"2025-08-27T11:21:03.465785854Z","exchange":"binance_spot","symbol":"BTCUSDC","side":"BUY","price":"111257.99","qty":"0.00005","quote_spent":"5.5628995","order_type":"MARKET_MOCK","iteration_id":"2025-08-27T11:21:03Z#20","filters_validated":true,"notes":""}
{"ts":"2025-08-27T11:21:03.509948816Z","exchange":"binance_spot","symbol":"ETHUSDC","side":"BUY","price":"4601.8","qty":"0.0011","quote_spent":"5.06198","order_type":"MARKET_MOCK","iteration_id":"2025-08-27T11:21:03Z#20","filters_validated":true,"notes":""}
{"ts":"2025-08-27T11:21:03.552958381Z","exchange":"binance_spot","symbol":"ADAUSDC","side":"BUY","price":"0.8641","qty":"5.8","quote_spent":"5.01178","order_type":"MARKET_MOCK","iteration_id":"2025-08-27T11:21:03Z#20","filters_validated":true,"notes":""}
{"ts":"2025-08-27T11:21:03.595687353Z","exchange":"binance_spot","symbol":"DOGEUSDC","side":"BUY","price":"0.22055","qty":"23","quote_spent":"5.07265","order_type":"MARKET_MOCK","iteration_id":"2025-08-27T11:21:03Z#20","filters_validated":true,"notes":""}
{"ts":"2025-08-27T11:21:03.640236566Z","exchange":"binance_spot","symbol":"SUIUSDC","side":"BUY","price":"3.4432","qty":"1.5","quote_spent":"5.1648","order_type":"MARKET_MOCK","iteration_id":"2025-08-27T11:21:03Z#20","filters_validated":true,"notes":""}
{"ts":"2025-08-27T11:21:03.68377596Z","exchange":"binance_spot","symbol":"SOLUSDC","side":"BUY","price":"205.04","qty":"0.025","quote_spent":"5.126","order_type":"MARKET_MOCK","iteration_id":"2025-08-27T11:21:03Z#20","filters_validated":true,"notes":""}
{"ts":"2025-08-27T12:21:03.56852561Z","exchange":"binance_spot","symbol":"BTCUSDC","side":"BUY","price":"111214.01","qty":"0.00005","quote_spent":"5.5607005","order_type":"MARKET_MOCK","iteration_id":"2025-08-27T12:21:03Z#21","filters_validated":true,"notes":""}
{"ts":"2025-08-27T12:21:03.613135499Z","exchange":"binance_spot","symbol":"ETHUSDC","side":"BUY","price":"4599.79","qty":"0.0011","quote_spent":"5.059769","order_type":"MARKET_MOCK","iteration_id":"2025-08-27T12:21:03Z#21","filters_validated":true,"notes":""}
{"ts":"2025-08-27T12:21:03.657621046Z","exchange":"binance_spot","symbol":"ADAUSDC","side":"BUY","price":"0.8613","qty":"5.9","quote_spent":"5.08167","order_type":"MARKET_MOCK","iteration_id":"2025-08-27T12:21:03Z#21","filters_validated":true,"notes":""}
{"ts":"2025-08-27T12:21:03.701782089Z","exchange":"binance_spot","symbol":"DOGEUSDC","side":"BUY","price":"0.21869","qty":"23","quote_spent":"5.02987","order_type":"MARKET_MOCK","iteration_id":"2025-08-27T12:21:03Z#21","filters_validated":true,"notes":""}
{"ts":"2025-08-27T12:21:03.746895367Z","exchange":"binance_spot","symbol":"SUIUSDC","side":"BUY","price":"3.4361","qty":"1.5","quote_spent":"5.15415","order_type":"MARKET_MOCK","iteration_id":"2025-08-27T12:21:03Z#21","filters_validated":true,"notes":""}
{"ts":"2025-08-27T12:21:03.793143806Z","exchange":"binance_spot","symbol":"SOLUSDC","side":"BUY","price":"204.24","qty":"0.025","quote_spent":"5.106","order_type":"MARKET_MOCK","iteration_id":"2025-08-27T12:21:03Z#21","filters_validated":true,"notes":""}
